@online{anleitung,
  author={Praktikum TU Dortmund},
  title={Anleitung V51: Schaltungen mit Operationsverstaerkern},
  date={2018-07-01},
  url={ http://129.217.224.2/HOMEPAGE/PHYSIKER/MASTER/SKRIPT/V51.pdf},
}
@online{wiki,
  author={Fleshgrinder},
  title={Low-pass},
  date={2018-07-03},
  url={https://upload.wikimedia.org/wikipedia/commons/e/e8/Tiefpass.svg},
}
