@article{sample,
    author={Hallo Welt},
    journal={World},
    date={2018-04-08},
}

@online{anleitung,
  author={Praktikum TU Dortmund},
  title={Anleitung V49: Gepulste NMR}
  date={2018-05-07},
  url={(http://129.217.224.2/HOMEPAGE/PHYSIKER/MASTER/SKRIPT/V49.pdf},
}
