@manual{anleitung,
    author={TU Dortmund},
    title={V21 Optische Pumpen},
    date={2018-10-15},
    url={http://129.217.224.2/HOMEPAGE/PHYSIKER/MASTER/SKRIPT/V21n_TeachSpin_new.pdf}
}

