@online{anleitung,
    author={TU Dortmund},
    title={V60 Diodenlaser},
    date={2018-06-11},
    url={http://129.217.224.2/HOMEPAGE/PHYSIKER/MASTER/SKRIPT/Diodenl.pdf}
}

