@article{sample,
    author={Hallo Welt},
    journal={World},
    date={2018-04-08},
}

@online{anleitung,
  author={Praktikum TU Dortmund},
  title={Anleitung V41: Debye-Scherrer-Aufnahmen},
  date={2018-04-16},
  url={}
}

@book{bradleyjay,
  author={Bradley, A.J. and Jay, A.H.},
  title={},
  subtitle={},
  year={1932},
  location={London},
  publisher={Proc. Phys. Soc. 44},
  pages={563--579}
}
